@article{thompson2020process,
  title={A process-based metacommunity framework linking local and regional scale community ecology},
  author={Thompson, Patrick L and Guzman, Laura Melissa and De Meester, Luc and Horv{\'a}th, Zs{\'o}fia and Ptacnik, Robert and Vanschoenwinkel, Bram and Viana, Duarte S and Chase, Jonathan M},
  journal={Ecology Letters},
  volume={23},
  number={9},
  pages={1314--1329},
  year={2020},
  publisher={Wiley Online Library}
}


@article{may1972will,
  title={Will a large complex system be stable?},
  author={May, Robert M},
  journal={Nature},
  volume={238},
  number={5364},
  pages={413--414},
  year={1972},
  publisher={Nature Publishing Group}
}

@article{chesson2000mechanisms,
  title={Mechanisms of maintenance of species diversity},
  author={Chesson, Peter},
  journal={Annual Review of Ecology and Systematics},
  pages={343--366},
  year={2000},
  publisher={JSTOR}
}

@article{chase2011ecological,
  title={Ecological niche theory},
  author={Chase, Jonathan M},
  journal = {Philosophical Transactions of the Royal Society B: Biological Sciences},
  pages={93--107},
  year={2011},
  publisher={University of Chicago Press Chicago}
}

@article{vellend2010conceptual,
  title={Conceptual synthesis in community ecology},
  author={Vellend, Mark},
  journal={The Quarterly Review of Biology},
  volume={85},
  number={2},
  pages={183--206},
  year={2010},
  publisher={The University of Chicago Press<? Pub Caret?>}
}

@article{kraft2015community,
  title={Community assembly, coexistence and the environmental filtering metaphor},
  author={Kraft, Nathan JB and Adler, Peter B and Godoy, Oscar and James, Emily C and Fuller, Steve and Levine, Jonathan M},
  journal={Functional Ecology},
  volume={29},
  number={5},
  pages={592--599},
  year={2015},
  publisher={Wiley Online Library}
}


@article{clark2001ecological,
  title={Ecological forecasts: an emerging imperative},
  author={Clark, James S and Carpenter, Steven R and Barber, Mary and Collins, Scott and Dobson, Andy and Foley, Jonathan A and Lodge, David M and Pascual, Mercedes and Pielke Jr, Roger and Pizer, William and others},
  journal={Science},
  volume={293},
  number={5530},
  pages={657--660},
  year={2001},
  publisher={American Association for the Advancement of Science}
}

@article{ke2015soil,
  title={The soil microbial community predicts the importance of plant traits in plant--soil feedback},
  author={Ke, Po-Ju and Miki, Takeshi and Ding, Tzung-Su},
  journal={New Phytologist},
  volume={206},
  number={1},
  pages={329--341},
  year={2015},
  publisher={Wiley Online Library}
}

@article{fukami2015historical,
  title={Historical contingency in community assembly: integrating niches, species pools, and priority effects},
  author={Fukami, Tadashi},
  journal={Annual Review of Ecology, Evolution, and Systematics},
  volume={46},
  pages={1--23},
  year={2015},
  publisher={Annual Reviews}
}

@article{mayfield2010opposing,
  title={Opposing effects of competitive exclusion on the phylogenetic structure of communities},
  author={Mayfield, Margaret M and Levine, Jonathan M},
  journal={Ecology Letters},
  volume={13},
  number={9},
  pages={1085--1093},
  year={2010},
  publisher={Wiley Online Library}
}

@article{mayfield2010opposing,
  title={Opposing effects of competitive exclusion on the phylogenetic structure of communities},
  author={Mayfield, Margaret M and Levine, Jonathan M},
  journal={Ecology Letters},
  volume={13},
  number={9},
  pages={1085--1093},
  year={2010},
  publisher={Wiley Online Library}
}

@article{hodgson2019investigating,
  title={Investigating cumulative effects across ecological scales},
  author={Hodgson, Emma E and Halpern, Benjamin S},
  journal={Conservation Biology},
  volume={33},
  number={1},
  pages={22--32},
  year={2019},
  publisher={Wiley Online Library}
}

@article{chase2020biodiversity,
  title={Biodiversity conservation through the lens of metacommunity ecology},
  author={Chase, Jonathan M and Jeliazkov, Alienor and Ladouceur, Emma and Viana, Duarte S},
  journal={Annals of the New York Academy of Sciences},
  volume={1469},
  number={1},
  pages={86--104},
  year={2020},
  publisher={Wiley Online Library}
}

@article{macarthur1958population,
  title={Population ecology of some warblers of northeastern coniferous forests},
  author={MacArthur, Robert H},
  journal={Ecology},
  volume={39},
  number={4},
  pages={599--619},
  year={1958},
  publisher={JSTOR}
}

@article{diamond1975island,
  title={The island dilemma: lessons of modern biogeographic studies for the design of natural reserves},
  author={Diamond, Jared M},
  journal={Biological Conservation},
  volume={7},
  number={2},
  pages={129--146},
  year={1975},
  publisher={Elsevier}
}

@article{mcgill2010towards,
  title={Towards a unification of unified theories of biodiversity},
  author={McGill, Brian J},
  journal={Ecology Letters},
  volume={13},
  number={5},
  pages={627--642},
  year={2010},
  publisher={Wiley Online Library}
}

@article{chave2004neutral,
  title={Neutral theory and community ecology},
  author={Chave, Jer{\^o}me},
  journal={Ecology Letters},
  volume={7},
  number={3},
  pages={241--253},
  year={2004},
  publisher={Wiley Online Library}
}

@article{connor1979assembly,
  title={The assembly of species communities: chance or competition?},
  author={Connor, Edward F and Simberloff, Daniel},
  journal={Ecology},
  volume={60},
  number={6},
  pages={1132--1140},
  year={1979},
  publisher={Wiley Online Library}
}


@article{chase2011disentangling,
  title={Disentangling the importance of ecological niches from stochastic processes across scales},
  author={Chase, Jonathan M and Myers, Jonathan A},
  journal={Philosophical Transactions of the Royal Society B: Biological Sciences},
  volume={366},
  number={1576},
  pages={2351--2363},
  year={2011},
  publisher={The Royal Society}
}

@article{stegen2013quantifying,
  title={Quantifying community assembly processes and identifying features that impose them},
  author={Stegen, James C and Lin, Xueju and Fredrickson, Jim K and Chen, Xingyuan and Kennedy, David W and Murray, Christopher J and Rockhold, Mark L and Konopka, Allan},
  journal={The ISME Journal},
  volume={7},
  number={11},
  pages={2069--2079},
  year={2013},
  publisher={Nature Publishing Group}
}

@article{sirbu2021variation,
  title={Variation partitioning in double-constrained multivariate analyses: linking communities, environment, space, functional traits, and ecological niches},
  author={S{\^\i}rbu, Ioan and Benedek, Ana Maria and S{\^\i}rbu, Monica},
  journal={Oecologia},
  volume={197},
  number={1},
  pages={43--59},
  year={2021},
  publisher={Springer}
}

@article{borcard1992partialling,
  title={Partialling out the spatial component of ecological variation},
  author={Borcard, Daniel and Legendre, Pierre and Drapeau, Pierre},
  journal={Ecology},
  volume={73},
  number={3},
  pages={1045--1055},
  year={1992},
  publisher={Wiley Online Library}
}

@article{smith2010variation,
  title={Variation partitioning as a tool to distinguish between niche and neutral processes},
  author={Smith, Tyler W and Lundholm, Jeremy T},
  journal={Ecography},
  volume={33},
  number={4},
  pages={648--655},
  year={2010},
  publisher={Wiley Online Library}
}

@article{cottenie2005integrating,
  title={Integrating environmental and spatial processes in ecological community dynamics},
  author={Cottenie, Karl},
  journal={Ecology Letters},
  volume={8},
  number={11},
  pages={1175--1182},
  year={2005},
  publisher={Wiley Online Library}
}

@article{connolly2017process,
  title={Process, mechanism, and modeling in macroecology},
  author={Connolly, Sean R and Keith, Sally A and Colwell, Robert K and Rahbek, Carsten},
  journal={Trends in Ecology \& Evolution},
  volume={32},
  number={11},
  pages={835--844},
  year={2017},
  publisher={Elsevier}
}

@article{levins1966strategy,
  title={The strategy of model building in population biology},
  author={Levins, Richard},
  journal={American Scientist},
  volume={54},
  number={4},
  pages={421--431},
  year={1966},
  publisher={JSTOR}
}

@article{evans2012modelling,
  title={Modelling ecological systems in a changing world},
  author={Evans, Matthew R},
  journal={Philosophical Transactions of the Royal Society B: Biological Sciences},
  volume={367},
  number={1586},
  pages={181--190},
  year={2012},
  publisher={The Royal Society}
}


@article{adler2007niche,
  title={A niche for neutrality},
  author={Adler, Peter B and HilleRisLambers, Janneke and Levine, Jonathan M},
  journal={Ecology Letters},
  volume={10},
  number={2},
  pages={95--104},
  year={2007},
  publisher={Wiley Online Library}
}

@article{adler2010coexistence,
  title={Coexistence of perennial plants: an embarrassment of niches},
  author={Adler, Peter B and Ellner, Stephen P and Levine, Jonathan M},
  journal={Ecology Letters},
  volume={13},
  number={8},
  pages={1019--1029},
  year={2010},
  publisher={Wiley Online Library}
}

@article{adler2018competition,
  title={Competition and coexistence in plant communities: intraspecific competition is stronger than interspecific competition},
  author={Adler, Peter B and Smull, Danielle and Beard, Karen H and Choi, Ryan T and Furniss, Tucker and Kulmatiski, Andrew and Meiners, Joan M and Tredennick, Andrew T and Veblen, Kari E},
  journal={Ecology Letters},
  volume={21},
  number={9},
  pages={1319--1329},
  year={2018},
  publisher={Wiley Online Library}
}

@article{hartig2011statistical,
  title={Statistical inference for stochastic simulation models--theory and application},
  author={Hartig, Florian and Calabrese, Justin M and Reineking, Bj{\"o}rn and Wiegand, Thorsten and Huth, Andreas},
  journal={Ecology Letters},
  volume={14},
  number={8},
  pages={816--827},
  year={2011},
  publisher={Wiley Online Library}
}

@article{vilmi2021dispersal,
  title={Dispersal--niche continuum index: a new quantitative metric for assessing the relative importance of dispersal versus niche processes in community assembly},
  author={Vilmi, Annika and Gibert, Corentin and Escarguel, Gilles and Happonen, Konsta and Heino, Jani and Jamoneau, Aur{\'e}lien and Passy, Sophia I and Picazo, F{\'e}lix and Soininen, Janne and Tison-Rosebery, Juliette and others},
  journal={Ecography},
  volume={44},
  number={3},
  pages={370--379},
  year={2021},
  publisher={Wiley Online Library}
}

@article{guzman2022accounting,
  title={Accounting for temporal change in multiple biodiversity patterns improves the inference of metacommunity processes},
  author={Guzman, Laura Melissa and Thompson, Patrick L and Viana, Duarte S and Vanschoenwinkel, Bram and Horv{\'a}th, Zs{\'o}fia and Ptacnik, Robert and Jeliazkov, Alienor and Gasc{\'o}n, St{\'e}phanie and Lemmens, Pieter and Anton-Pardo, Maria and others},
  journal={Ecology},
  volume = {103},
  number = {6},
  article-number={e3683},
  year={2022},
  publisher={Wiley Online Library}
}

@article{ovaskainen2019can,
  title={What can observational data reveal about metacommunity processes?},
  author={Ovaskainen, Otso and Rybicki, Joel and Abrego, Nerea},
  journal={Ecography},
  volume={42},
  number={11},
  pages={1877--1886},
  year={2019},
  publisher={Wiley Online Library}
}


@article{van2015calibration,
  title={Calibration and evaluation of individual-based models using Approximate Bayesian Computation},
  author={van der Vaart, Elske and Beaumont, Mark A and Johnston, Alice SA and Sibly, Richard M},
  journal={Ecological Modelling},
  volume={312},
  pages={182--190},
  year={2015},
  publisher={Elsevier}
}

@article{leibold2004metacommunity,
  title={The metacommunity concept: a framework for multi-scale community ecology},
  author={Leibold, Mathew A and Holyoak, Marcel and Mouquet, Nicolas and Amarasekare, Priyanga and Chase, Jonathan M and Hoopes, Martha F and Holt, Robert D and Shurin, Jonathan B and Law, Richard and Tilman, David and others},
  journal={Ecology Letters},
  volume={7},
  number={7},
  pages={601--613},
  year={2004},
  publisher={Wiley Online Library}
}

@article{shoemaker2016linking,
  title={Linking metacommunity paradigms to spatial coexistence mechanisms},
  author={Shoemaker, Lauren G and Melbourne, Brett A},
  journal={Ecology},
  volume={97},
  number={9},
  pages={2436--2446},
  year={2016},
  publisher={Wiley Online Library}
}

@article{chave2002comparing,
  title={Comparing classical community models: theoretical consequences for patterns of diversity},
  author={Chave, J{\'e}r{\^o}me and Muller-Landau, Helene C and Levin, Simon A},
  journal={The American Naturalist},
  volume={159},
  number={1},
  pages={1--23},
  year={2002},
  publisher={The University of Chicago Press}
}


@article{gibert2019per,
  title={PER-SIMPER—A new tool for inferring community assembly processes from taxon occurrences},
  author={Gibert, Corentin and Escarguel, Gilles},
  journal={Global Ecology and Biogeography},
  volume={28},
  number={3},
  pages={374--385},
  year={2019},
  publisher={Wiley Online Library}
}

@article{smith2010variation,
  title={Variation partitioning as a tool to distinguish between niche and neutral processes},
  author={Smith, Tyler W and Lundholm, Jeremy T},
  journal={Ecography},
  volume={33},
  number={4},
  pages={648--655},
  year={2010},
  publisher={Wiley Online Library}
}

@article{vellend2014assessing,
  title={Assessing the relative importance of neutral stochasticity in ecological communities},
  author={Vellend, Mark and Srivastava, Diane S and Anderson, Kathryn M and Brown, Carissa D and Jankowski, Jill E and Kleynhans, Elizabeth J and Kraft, Nathan JB and Letaw, Alathea D and Macdonald, A Andrew M and Maclean, Janet E and others},
  journal={Oikos},
  volume={123},
  number={12},
  pages={1420--1430},
  year={2014},
  publisher={Wiley Online Library}
}

@article{brown2017making,
  title={Making sense of metacommunities: dispelling the mythology of a metacommunity typology},
  author={Brown, Bryan L and Sokol, Eric R and Skelton, James and Tornwall, Brett},
  journal={Oecologia},
  volume={183},
  number={3},
  pages={643--652},
  year={2017},
  publisher={Springer}
}

@article{mcgill2006empirical,
  title={Empirical evaluation of neutral theory},
  author={McGill, Brian J and Maurer, Brian A and Weiser, Michael D},
  journal={Ecology},
  volume={87},
  number={6},
  pages={1411--1423},
  year={2006},
  publisher={Wiley Online Library}
}

@article{tucker2016differentiating,
  title={Differentiating between niche and neutral assembly in metacommunities using null models of $\beta$-diversity},
  author={Tucker, Caroline M and Shoemaker, Lauren G and Davies, Kendi F and Nemergut, Diana R and Melbourne, Brett A},
  journal={Oikos},
  volume={125},
  number={6},
  pages={778--789},
  year={2016},
  publisher={Wiley Online Library}
}

@article{ning2019general,
  title={A general framework for quantitatively assessing ecological stochasticity},
  author={Ning, Daliang and Deng, Ye and Tiedje, James M and Zhou, Jizhong},
  journal={Proceedings of the National Academy of Sciences},
  volume={116},
  number={34},
  pages={16892--16898},
  year={2019},
  publisher={National Acad Sciences}
}


@article{molina2020difficulties,
  title={Difficulties in benchmarking ecological null models: an assessment of current methods},
  author={Molina, Chai and Stone, Lewi},
  journal={Ecology},
  volume={101},
  number={3},
  pages={e02945},
  year={2020},
  publisher={Wiley Online Library}
}

@article{van2015new,
  title={A new modeling approach estimates the relative importance of different community assembly processes},
  author={van der Plas, Fons and Janzen, Thijs and Ordonez, Alejandro and Fokkema, Wimke and Reinders, Josephine and Etienne, Rampal S and Olff, Han},
  journal={Ecology},
  volume={96},
  number={6},
  pages={1502--1515},
  year={2015},
  publisher={Wiley Online Library}
}

@article{ford2020functional,
  title={Functional traits reveal the presence and nature of multiple processes in the assembly of marine fish communities},
  author={Ford, Benjamin M and Roberts, J Dale},
  journal={Oecologia},
  volume={192},
  number={1},
  pages={143--154},
  year={2020},
  publisher={Springer}
}

@article{macarthur1967limiting,
  title={The limiting similarity, convergence, and divergence of coexisting species},
  author={MacArthur, Robert and Levins, Richard},
  journal={The American Naturalist},
  volume={101},
  number={921},
  pages={377--385},
  year={1967},
  publisher={Science Press}
}

@book{hubbell2011unified,
	title={The Unified Neutral Theory of Biodiversity and Biogeography},
	author={Hubbell, Stephen P},
	year={2011},
	publisher={Princeton University Press}
}


@article{fukami2015historical,
  title={Historical contingency in community assembly: integrating niches, species pools, and priority effects},
  author={Fukami, Tadashi},
  journal={Annual Review of Ecology, Evolution, and Systematics},
  volume={46},
  pages={1--23},
  year={2015},
  publisher={Annual Reviews}
}

@article{tilman1997community,
  title={Community invasibility, recruitment limitation, and grassland biodiversity},
  author={Tilman, David},
  journal={Ecology},
  volume={78},
  number={1},
  pages={81--92},
  year={1997},
  publisher={Wiley Online Library}
}


@book{macarthur1967theory,
	title={The Theory of Island Biogeography},
	author={MacArthur, Robert H and Wilson, Edward O},
	year={1967},
	publisher={Princeton University Press}
}

@article{molina2020difficulties,
  title={Difficulties in benchmarking ecological null models: an assessment of current methods},
  author={Molina, Chai and Stone, Lewi},
  journal={Ecology},
  volume={101},
  number={3},
  pages={e02945},
  year={2020},
  publisher={Wiley Online Library}
}

@article{gotelli2012statistical,
  title={Statistical challenges in null model analysis},
  author={Gotelli, Nicholas J and Ulrich, Werner},
  journal={Oikos},
  volume={121},
  number={2},
  pages={171--180},
  year={2012},
  publisher={Wiley Online Library}
}


@article{gotelli2006null,
  title={Null versus neutral models: what's the difference?},
  author={Gotelli, Nicholas J and McGill, Brian J},
  journal={Ecography},
  volume={29},
  number={5},
  pages={793--800},
  year={2006},
  publisher={Wiley Online Library}
}

@article{ulrich2010null,
  title={Null model analysis of species associations using abundance data},
  author={Ulrich, Werner and Gotelli, Nicholas J},
  journal={Ecology},
  volume={91},
  number={11},
  pages={3384--3397},
  year={2010},
  publisher={Wiley Online Library}
}

@article{lavorel2008assessing,
  title={Assessing functional diversity in the field--methodology matters!},
  author={Lavorel, Sandra and Grigulis, Karl and McIntyre, Sue and Williams, Nick SG and Garden, Denys and Dorrough, Josh and Berman, Sandra and Qu{\'e}tier, Fabien and Th{\'e}bault, Aur{\'e}lie and Bonis, Anne},
  journal={Functional Ecology},
  volume={22},
  number={1},
  pages={134--147},
  year={2008},
  publisher={Wiley Online Library}
}

@article{zeleny2018which,
  title={Which results of the standard test for community-weighted mean approach are too optimistic?},
  author={Zelený, David},
  journal={Journal of Vegetation Science},
  volume={29},
  number={6},
  pages={953--966},
  year={2018},
  publisher={Wiley Online Library}
}
@article{schlather2015analysis,
	Author = {Schlather, Martin and Malinowski, Alexander and Menck, Peter J. and Oesting, Marco and Strokorb, Kirstin},
	Title = {Analysis, Simulation and Prediction of Multivariate Random Fields with Package Random Fields},
	Journal = {Journal of Statistical Software},
	Year = {2015},
	Volume = {63},
	Number = {8},
	Pages = {1-25},
	Month = {JAN},
	ISSN = {1548-7660}
}

@article{peres2006variation,
  title={Variation partitioning of species data matrices: estimation and comparison of fractions},
  author={Peres-Neto, Pedro R and Legendre, Pierre and Dray, St{\'e}phane and Borcard, Daniel},
  journal={Ecology},
  volume={87},
  number={10},
  pages={2614--2625},
  year={2006},
  publisher={Wiley Online Library}
}

@article{chang2013better,
  title={Better environmental data may reverse conclusions about niche-and dispersal-based processes in community assembly},
  author={Chang, Li-Wan and Zelený, David and Li, Ching-Feng and Chiu, Shau-Ting and Hsieh, Chang-Fu},
  journal={Ecology},
  volume={94},
  number={10},
  pages={2145--2151},
  year={2013},
  publisher={Wiley Online Library}
}

@article{kraft2011disentangling,
  title={Disentangling the drivers of $\beta$ diversity along latitudinal and elevational gradients},
  author={Kraft, Nathan JB and Comita, Liza S and Chase, Jonathan M and Sanders, Nathan J and Swenson, Nathan G and Crist, Thomas O and Stegen, James C and Vellend, Mark and Boyle, Brad and Anderson, Marti J and others},
  journal={Science},
  volume={333},
  number={6050},
  pages={1755--1758},
  year={2011},
  publisher={American Association for the Advancement of Science}
}

@book{leibold2017metacommunity,
	title={Metacommunity Ecology},
	author={Leibold, Mathew A and Chase, Jonathan M},
	year={2017},
	publisher={Princeton University Press}
}

@article{ter1986canonical,
  title={Canonical correspondence analysis: a new eigenvector technique for multivariate direct gradient analysis},
  author={ter Braak, Cajo JF},
  journal={Ecology},
  volume={67},
  number={5},
  pages={1167--1179},
  year={1986},
  publisher={Wiley Online Library}
}

@book{legendre2012numerical,
  title={Numerical ecology},
  author={Legendre, Pierre and Legendre, Louis},
  year={2012},
  publisher={Elsevier}
}

@article{borcard2002all,
  title={All-scale spatial analysis of ecological data by means of principal coordinates of neighbour matrices},
  author={Borcard, Daniel and Legendre, Pierre},
  journal={Ecological Modelling},
  volume={153},
  number={1-2},
  pages={51--68},
  year={2002},
  publisher={Elsevier}
}

@article{ulrich2010null,
  title={Null model analysis of species associations using abundance data},
  author={Ulrich, Werner and Gotelli, Nicholas J},
  journal={Ecology},
  volume={91},
  number={11},
  pages={3384--3397},
  year={2010},
  publisher={Wiley Online Library}
}

@article{clarke1993non,
  title={Non-parametric multivariate analyses of changes in community structure},
  author={Clarke, K Robert},
  journal={Australian Journal of Ecology},
  volume={18},
  number={1},
  pages={117--143},
  year={1993},
  publisher={Wiley Online Library}
}

@article{hornung2020ordinal,
  title={Ordinal forests},
  author={Hornung, Roman},
  journal={Journal of Classification},
  volume={37},
  number={1},
  pages={4--17},
  year={2020},
  publisher={Springer}
}

@article{cutler2007random,
  title={Random forests for classification in ecology},
  author={Cutler, D Richard and Edwards Jr, Thomas C and Beard, Karen H and Cutler, Adele and Hess, Kyle T and Gibson, Jacob and Lawler, Joshua J},
  journal={Ecology},
  volume={88},
  number={11},
  pages={2783--2792},
  year={2007},
  publisher={Wiley Online Library}
}

@article{janitza2016random,
  title={Random forest for ordinal responses: prediction and variable selection},
  author={Janitza, Silke and Tutz, Gerhard and Boulesteix, Anne-Laure},
  journal={Computational Statistics \& Data Analysis},
  volume={96},
  pages={57--73},
  year={2016},
  publisher={Elsevier}
}

@inproceedings{han2016variable,
  title={Variable selection using mean decrease accuracy and mean decrease gini based on random forest},
  author={Han, Hong and Guo, Xiaoling and Yu, Hua},
  booktitle={2016 7th IEEE International Conference on Software Engineering and Service Science (ICSESS)},
  pages={219--224},
  year={2016},
  organization={IEEE}
}


@article{csillery2010approximate,
  title={Approximate Bayesian computation (ABC) in practice},
  author={Csill{\'e}ry, Katalin and Blum, Michael GB and Gaggiotti, Oscar E and Fran{\c{c}}ois, Olivier},
  journal={Trends in Ecology \& Evolution},
  volume={25},
  number={7},
  pages={410--418},
  year={2010},
  publisher={Elsevier}
}

@article{ruffley2019identifying,
  title={Identifying models of trait-mediated community assembly using random forests and approximate Bayesian computation},
  author={Ruffley, Megan and Peterson, Katie and Week, Bob and Tank, David C and Harmon, Luke J},
  journal={Ecology and Evolution},
  volume={9},
  number={23},
  pages={13218--13230},
  year={2019},
  publisher={Wiley Online Library}
}

@article{elo2016mechanistic,
  title={The mechanistic basis of changes in community assembly in relation to anthropogenic disturbance and productivity},
  author={Elo, Merja and Kareksela, Santtu and Haapalehto, Tuomas and Vuori, Hilja and Aapala, Kaisu and Kotiaho, Janne S},
  journal={Ecosphere},
  volume={7},
  number={4},
  pages={e01310},
  year={2016},
  publisher={Wiley Online Library}
}

@article{orrock2010local,
  title={Local community size mediates ecological drift and competition in metacommunities},
  author={Orrock, John L and Watling, James I},
  journal={Proceedings of the Royal Society B: Biological Sciences},
  volume={277},
  number={1691},
  pages={2185--2191},
  year={2010},
  publisher={The Royal Society}
}

@article{ovaskainen2017make,
  title={How to make more out of community data? A conceptual framework and its implementation as models and software},
  author={Ovaskainen, Otso and Tikhonov, Gleb and Norberg, Anna and Guillaume Blanchet, F and Duan, Leo and Dunson, David and Roslin, Tomas and Abrego, Nerea},
  journal={Ecology Letters},
  volume={20},
  number={5},
  pages={561--576},
  year={2017},
  publisher={Wiley Online Library}
}

@book{condit1998tropical,
  title={Tropical forest census plots: methods and results from Barro Colorado Island, Panama and a comparison with other plots},
  author={Condit, Richard},
  year={1998},
  publisher={Springer Science \& Business Media}
}

@book{su2007fushan,
	author = {Su, Sheng-Hsin and Chang-Yang, Chia-Hao and Lu, Chia-Ling and Tsui, Chun-Chih and Lin, Tzer-Tong and Lin, Chieh-Lung and Chiou, W.-L and Kuan, Li-Hao and Chen, Zueng-Sang and Hsieh, Chang-Fu},
	year = {2007},
	month = {01},
	title = {Fushan Subtropical Forest Dynamics Plot: Tree Species Characteristics and Distribution Patterns},
	publisher = {Taiwan Forestry Research Institute},
	isbn = {978-986-01-1229-0}
}

@article{bezanson2017julia,
  title={Julia: A fresh approach to numerical computing},
  author={Bezanson, Jeff and Edelman, Alan and Karpinski, Stefan and Shah, Viral B},
  journal={SIAM Review},
  volume={59},
  number={1},
  pages={65--98},
  year={2017},
  publisher={SIAM},
  url={https://doi.org/10.1137/141000671}
}

@Manual{R,
  title = {R: A Language and Environment for Statistical Computing},
  author = {{R Core Team}},
  organization = {R Foundation for Statistical Computing},
  address = {Vienna, Austria},
  year = {2022},
  url = {https://www.R-project.org/},
}

@article{chave2009towards,
  title={Towards a worldwide wood economics spectrum},
  author={Chave, Jerome and Coomes, David and Jansen, Steven and Lewis, Simon L and Swenson, Nathan G and Zanne, Amy E},
  journal={Ecology Letters},
  volume={12},
  number={4},
  pages={351--366},
  year={2009},
  publisher={Wiley Online Library}
}

@article{ron2018dispersal,
  title={Dispersal increases ecological selection by increasing effective community size},
  author={Ron, Ronen and Fragman-Sapir, Ori and Kadmon, Ronen},
  journal={Proceedings of the National Academy of Sciences},
  volume={115},
  number={44},
  pages={11280--11285},
  year={2018},
  publisher={National Acad Sciences}
}

@article{gravel2006reconciling,
  title={Reconciling niche and neutrality: the continuum hypothesis},
  author={Gravel, Dominique and Canham, Charles D and Beaudet, Marilou and Messier, Christian},
  journal={Ecology Letters},
  volume={9},
  number={4},
  pages={399--409},
  year={2006},
  publisher={Wiley Online Library}
}

@article{wilson1992complex,
  title={Complex interactions in metacommunities, with implications for biodiversity and higher levels of selection},
  author={Wilson, David Sloan},
  journal={Ecology},
  volume={73},
  number={6},
  pages={1984--2000},
  year={1992},
  publisher={Wiley Online Library}
}


@article{hrguindeguy2013new,
Author = {Perez-Harguindeguy, N. and Diaz, S. and Garnier, E. and Lavorel, S. and
   Poorter, H. and Jaureguiberry, P. and Bret-Harte, M. S. and Cornwell, W.
   K. and Craine, J. M. and Gurvich, D. E. and Urcelay, C. and Veneklaas,
   E. J. and Reich, P. B. and Poorter, L. and Wright, I. J. and Ray, P. and
   Enrico, L. and Pausas, J. G. and de Vos, A. C. and Buchmann, N. and
   Funes, G. and Quetier, F. and Hodgson, J. G. and Thompson, K. and
   Morgan, H. D. and ter Steege, H. and van der Heijden, M. G. A. and Sack,
   L. and Blonder, B. and Poschlod, P. and Vaieretti, M. V. and Conti, G.
   and Staver, A. C. and Aquino, S. and Cornelissen, J. H. C.},
Title = {New handbook for standardised measurement of plant functional traits
   worldwide},
Journal = {Australian Journal of Botany},
Year = {2013},
Volume = {61},
Number = {3},
Pages = {167-234},
DOI = {10.1071/BT12225},
ISSN = {0067-1924},
EISSN = {1444-9862}
}

@article{borics2020trait,
  title={Trait convergence and trait divergence in lake phytoplankton reflect community assembly rules},
  author={Borics, G{\'a}bor and B-B{\'e}res, Vikt{\'o}ria and B{\'a}csi, Istv{\'a}n and Luk{\'a}cs, Bal{\'a}zs A and T-Krasznai, E and Botta-Duk{\'a}t, Zolt{\'a}n and V{\'a}rb{\'\i}r{\'o}, G{\'a}bor},
  journal={Scientific Reports},
  volume={10},
  number={1},
  pages={19599},
  year={2020},
  publisher={Nature Publishing Group UK London}
}



